<?xml version="1.0" encoding="UTF-8"?><collection xmlns="http://www.loc.gov/MARC21/slim"><record><leader>00392nam--2200157-i-4500</leader><controlfield tag="001">000023308</controlfield><controlfield tag="002">20161230</controlfield><controlfield tag="005">20161230201035</controlfield><controlfield tag="008">060222s1000------------r-----000-0-eng-d</controlfield><datafield ind1=" " ind2=" " tag="080"><subfield code="a">517.5:061.3</subfield></datafield><datafield ind1="1" ind2=" " tag="100"><subfield code="a">Shisha,Oved (ed.)</subfield></datafield><datafield ind1="1" ind2="0" tag="245"><subfield code="a">Inequalities</subfield></datafield><datafield ind1=" " ind2=" " tag="260"><subfield code="a">New York, Academic Press, 1972. Xxii + 368p</subfield></datafield><datafield ind1=" " ind2=" " tag="700"><subfield code="a">Oved Sisha</subfield></datafield><datafield ind1=" " ind2=" " tag="852"><subfield code="a">39057</subfield><subfield code="c">517</subfield></datafield><datafield ind1=" " ind2=" " tag="CAT"><subfield code="a">Sys</subfield><subfield code="c">20080620</subfield><subfield code="h">085412</subfield></datafield></record></collection>